
% Journal Articles
@article{RandallSundrumOriginal,
   title={Large Mass Hierarchy from a Small Extra Dimension},
   volume={83},
   ISSN={1079-7114},
   url={http://dx.doi.org/10.1103/PhysRevLett.83.3370},
   DOI={10.1103/physrevlett.83.3370},
   number={17},
   journal={Physical Review Letters},
   publisher={American Physical Society (APS)},
   author={Randall, Lisa and Sundrum, Raman},
   year={1999},
   month=oct,
   pages={3370‚Äì3373}
}

@article{boosted_hbbcc_tagger,
  title={Transformer Neural Networks for Identifying
        Boosted Higgs Bosons decaying into $b\bar{b}$ and $c\bar{c}$ in
        ATLAS},
  author={The ATLAS Collaboration},
  journal={ATLAS Pub Note},
  volume={},
  number={},
  pages={},
  year={2023},
  publisher={},
  doi={}
}

@article{large_r_jet,
  title={Optimisation of large-radius jet reconstruction for the ATLAS detector in
    13 TeV proton‚Äìproton collisions},
  author={The ATLAS Collaboration},
  journal={Eur. Phys. J},
  volume={C},
  number={81},
  pages={334},
  year={2020},
  publisher={},
  doi={},
  arxiv={2009.04986}
}

@article{atlas_simulation,
  title={The ATLAS Simulation Infrastructure},
  author={The ATLAS Collaboration},
  journal={Eur. Phys. J.},
  volume={C},
  number={70},
  pages={823},
  year={2010},
  publisher={},
  doi={},
  arxiv={1005.4568}
}

@article{geant4,
  title={Geant4 ‚Äì a simulation toolkit},
  author={S. Agostinelli et al.},
  journal={Nucl. Instrum. Meth.},
  volume={A},
  number={506},
  pages={250},
  year={2003},
  publisher={},
  doi={},
  arxiv={1005.4568}
}

@article{pflow_jets,
  title={Jet reconstruction and performance using particle flow with the ATLAS
         Detector},
  author={The ATLAS Collaboration},
  journal={Eur. Phys. J.},
  volume={C},
  number={77},
  pages={466},
  year={2017},
  publisher={},
  doi={},
  arxiv={1703.10485}
}

@article{calo_clusters_performance,
  title={ATLAS Collaboration, Improving jet substructure performance in ATLAS
         using Track-CaloClusters},
  author={The ATLAS Collaboration},
  journal={ATLAS Pub Note},
  volume={},
  number={ATL-PHYS-PUB-2017-015},
  pages={},
  year={2017},
  publisher={},
  doi={},
  url={https://cds.cern.ch/record/2275636},
  arxiv={}
}

@article{antikt,
  title={The anti-ùëòùë° jet clustering algorithm},
  author={M. Cacciari, G. P. Salam and G. Soyez},
  journal={JHEP},
  volume={04},
  number={63},
  pages={},
  year={2008},
  publisher={},
  doi={},
  url={},
  arxiv={0802.1189}
}

@article{soft_drop,
  title={Soft Drop},
  author={A. J. Larkoski, S. Marzani, G. Soyez and J. Thaler},
  journal={JHEP},
  volume={05},
  number={},
  pages={146},
  year={2014},
  publisher={},
  doi={},
  url={},
  arxiv={1402.2657}
}

@article{jet_substructure,
  title={Towards an understanding of jet substructure},
  author={M. Dasgupta, A. Fregoso, S. Marzani and G. P. Salam},
  journal={JHEP},
  volume={09},
  number={},
  pages={29},
  year={2013},
  publisher={},
  doi={},
  url={},
  arxiv={1307.0007}
}

@article{pileup_subtraction,
  title={Particle-level pileup subtraction for jets and jet shapes},
  author={P. Berta, M. Spousta, D. W. Miller and R. Leitner},
  journal={JHEP},
  volume={06},
  number={},
  pages={92},
  year={2014},
  publisher={},
  doi={},
  url={},
  arxiv={1403.3108}
}

@article{softkiller,
  title={SoftKiller, a particle-level pileup removal method},
  author={M. Cacciari, G. P. Salam and G. Soyez},
  journal={Eur. Phys. J.},
  volume={C},
  number={75},
  pages={59},
  year={2015},
  publisher={},
  doi={},
  url={},
  arxiv={1407.0408}
}

@article{ghost_track_association,
  title={The catchment area of jets},
  author={M. Cacciari, G. P. Salam and G. Soyez},
  journal={JHEP},
  volume={},
  number={005},
  pages={},
  year={2008},
  publisher={},
  doi={},
  url={},
  arxiv={}
}

@article{ghost_track_association,
  title={The catchment area of jets},
  author={M. Cacciari, G. P. Salam and G. Soyez},
  journal={JHEP},
  volume={},
  number={005},
  pages={},
  year={2008},
  publisher={},
  doi={},
  url={},
  arxiv={}
}

@article{deep_sets_impact_param_flavour_tagging,
  title={Deep Sets based Neural Networks for Impact Parameter Flavour Tagging in
         ATLAS},
  author={The ATLAS Collaboration},
  journal={ATL-PHYS-PUB-2020-014},
  volume={},
  number={005},
  pages={},
  year={2020},
  publisher={},
  doi={},
  url={https://cds.cern.ch/record/2718948},
  arxiv={}
}

@article{track_reconstruction_algorithms_in_dense_environment,
  title={Performance of the ATLAS track reconstruction algorithms in dense
         environments in LHC Run 2},
  author={The ATLAS Collaboration},
  journal={Eur. Phys. J.},
  volume={C},
  number={77},
  pages={673},
  year={2017},
  publisher={},
  doi={},
  url={},
  arxiv={1704.07983}
}
@article{Medina_2011,
  title={Warped universal extra dimensions},
  volume={2011},
  ISSN={1029-8479},
  url={http://dx.doi.org/10.1007/JHEP06(2011)009},
  DOI={10.1007/jhep06(2011)009},
  number={6},
  journal={Journal of High Energy Physics},
  publisher={Springer Science and Business Media LLC},
  author={Medina, An√≠bal D. and Pont√≥n, Eduardo},
  year={2011},
  month=jun
}

% Textbooks
@book{bsm,
  title={Beyond the Standard Model
    of Elementary Particle Physics},
  author={Yorikiyo Nagashima},
  edition={5th},
  publisher={Wiley-VCH},
  address={KGaA, Boschstr. 12, 69469 Weinheim,
    Germany},
  year={2014},
  isbn={978-3-527-41177-1}
}

% %% EXAMPLES BELOW
% @book{brown2023algorithms,
%   title={Algorithms and Data Structures: A Modern Approach},
%   author={Brown, Jennifer L. and Davis, Michael R.},
%   publisher={Cambridge University Press},
%   address={Cambridge, UK},
%   year={2023},
%   isbn={978-1-10-912345-6}
% }
%
% % Book Chapters
% @incollection{wilson2023deep,
%   title={Deep Learning Applications in Natural Language Processing},
%   author={Wilson, David P.},
%   booktitle={Handbook of Artificial Intelligence},
%   editor={Thompson, Alice M.},
%   pages={234--267},
%   year={2023},
%   publisher={Springer},
%   address={Berlin, Germany}
% }
%
% % Conference Presentations/Slideshows
% @misc{clark2024presentation,
%   title={Advances in Quantum Computing: Current State and Future Prospects},
%   author={Clark, Emma J.},
%   howpublished={Presentation at International Conference on Quantum Technologies},
%   address={Boston, MA},
%   month={June},
%   year={2024},
%   note={Slides available at: \url{https://example.com/clark2024slides}}
% }
%
% @inproceedings{martinez2023blockchain,
%   title={Blockchain Implementation in Supply Chain Management},
%   author={Martinez, Pedro A. and Kim, Jinsoo},
%   booktitle={Proceedings of the 15th International Conference on Business Technology},
%   pages={45--52},
%   year={2023},
%   organization={IEEE},
%   address={San Francisco, CA}
% }
%
% % Lecture Slides/Course Materials
% @misc{professor2024lectures,
%   title={Introduction to Organic Chemistry: Lecture Series},
%   author={Professor, Jane K.},
%   howpublished={Course slides, CHEM 301},
%   institution={University of Science},
%   year={2024},
%   note={Available through course management system}
% }
%
% % Internal Notes/Reports
% @techreport{intern2024analysis,
%   title={Market Analysis Report: Q2 2024 Performance},
%   author={{Internal Research Team}},
%   institution={ABC Corporation},
%   type={Internal Report},
%   number={TR-2024-07},
%   year={2024},
%   month={July},
%   note={Confidential internal document}
% }
%
% @misc{team2024meeting,
%   title={Project Alpha Development Meeting Notes},
%   author={Development Team},
%   howpublished={Internal meeting notes},
%   organization={Tech Solutions Inc.},
%   month={March},
%   year={2024},
%   note={Meeting held on March 15, 2024}
% }
%
% % Personal Notes/Unpublished Work
% @unpublished{researcher2024draft,
%   title={Preliminary Findings on Renewable Energy Storage Solutions},
%   author={Researcher, Alex M.},
%   note={Draft manuscript, unpublished},
%   year={2024},
%   month={May}
% }
%
% % Thesis/Dissertation
% @phdthesis{graduate2023thesis,
%   title={Advanced Methods in Computational Fluid Dynamics},
%   author={Graduate, Student A.},
%   school={Massachusetts Institute of Technology},
%   year={2023},
%   type={PhD Dissertation},
%   address={Cambridge, MA}
% }
%
% % Web Resources
% @misc{organization2024guidelines,
%   title={Best Practices for Data Management},
%   author={{Data Management Consortium}},
%   howpublished={\url{https://example.org/guidelines}},
%   year={2024},
%   note={Accessed: July 20, 2024}
% }
%
% % Software/Code
% @misc{developer2024software,
%   title={OpenAnalytics: Statistical Computing Package},
%   author={Developer, Code A.},
%   howpublished={Software package},
%   version={2.1.3},
%   year={2024},
%   url={https://github.com/example/openanalytics}
% } 
%
% % Comprehensive journal article entry with all possible fields
% @article{zhang2024quantum,
%   title={Quantum Error Correction in Noisy Intermediate-Scale Quantum Devices: A Comprehensive Analysis},
%   author={Zhang, Wei and M{\"u}ller, Hans and Patel, Priya A. and O'Connor, Se{\'a}n},
%   journal={Physical Review A},
%   volume={109},
%   number={4},
%   pages={042301},
%   year={2024},
%   month={April},
%   publisher={American Physical Society},
%   address={College Park, MD},
%   issn={2469-9926},
%   doi={10.1103/PhysRevA.109.042301},
%   url={https://journals.aps.org/pra/abstract/10.1103/PhysRevA.109.042301},
%   urldate={2024-07-15},
%   arxiv={2312.08765},
%   archivePrefix={arXiv},
%   primaryClass={quant-ph},
%   eprint={2312.08765},
%   abstract={We present a comprehensive analysis of quantum error correction protocols for noisy intermediate-scale quantum (NISQ) devices. Our results demonstrate significant improvements in coherence times and gate fidelities across multiple quantum computing platforms.},
%   keywords={quantum computing, error correction, NISQ devices, quantum gates},
%   note={Special Issue on Quantum Technologies},
%   editor={Johnson, Robert K.},
%   language={english},
%   edition={Online First},
%   series={Quantum Physics Series},
%   pmid={38741234},
%   pmcid={PMC10987654},
%   mendeley-groups={Quantum Computing, Error Correction},
%   annote={Important paper for understanding current limitations in quantum error correction. Methods section particularly relevant for our research.},
%   file={Zhang2024_Quantum_Error_Correction.pdf:files/123/Zhang2024.pdf:PDF},
%   timestamp={2024-07-15T10:30:00}
% }
