
%% EXAMPLES BELOW
@book{brown2023algorithms,
  title={Algorithms and Data Structures: A Modern Approach},
  author={Brown, Jennifer L. and Davis, Michael R.},
  publisher={Cambridge University Press},
  address={Cambridge, UK},
  year={2023},
  isbn={978-1-10-912345-6}
}

% Book Chapters
@incollection{wilson2023deep,
  title={Deep Learning Applications in Natural Language Processing},
  author={Wilson, David P.},
  booktitle={Handbook of Artificial Intelligence},
  editor={Thompson, Alice M.},
  pages={234--267},
  year={2023},
  publisher={Springer},
  address={Berlin, Germany}
}

% Conference Presentations/Slideshows
@misc{clark2024presentation,
  title={Advances in Quantum Computing: Current State and Future Prospects},
  author={Clark, Emma J.},
  howpublished={Presentation at International Conference on Quantum Technologies},
  address={Boston, MA},
  month={June},
  year={2024},
  note={Slides available at: \url{https://example.com/clark2024slides}}
}

@inproceedings{martinez2023blockchain,
  title={Blockchain Implementation in Supply Chain Management},
  author={Martinez, Pedro A. and Kim, Jinsoo},
  booktitle={Proceedings of the 15th International Conference on Business Technology},
  pages={45--52},
  year={2023},
  organization={IEEE},
  address={San Francisco, CA}
}

% Lecture Slides/Course Materials
@misc{professor2024lectures,
  title={Introduction to Organic Chemistry: Lecture Series},
  author={Professor, Jane K.},
  howpublished={Course slides, CHEM 301},
  institution={University of Science},
  year={2024},
  note={Available through course management system}
}

% Internal Notes/Reports
@techreport{intern2024analysis,
  title={Market Analysis Report: Q2 2024 Performance},
  author={{Internal Research Team}},
  institution={ABC Corporation},
  type={Internal Report},
  number={TR-2024-07},
  year={2024},
  month={July},
  note={Confidential internal document}
}

@misc{team2024meeting,
  title={Project Alpha Development Meeting Notes},
  author={Development Team},
  howpublished={Internal meeting notes},
  organization={Tech Solutions Inc.},
  month={March},
  year={2024},
  note={Meeting held on March 15, 2024}
}

% Personal Notes/Unpublished Work
@unpublished{researcher2024draft,
  title={Preliminary Findings on Renewable Energy Storage Solutions},
  author={Researcher, Alex M.},
  note={Draft manuscript, unpublished},
  year={2024},
  month={May}
}

% Thesis/Dissertation
@phdthesis{graduate2023thesis,
  title={Advanced Methods in Computational Fluid Dynamics},
  author={Graduate, Student A.},
  school={Massachusetts Institute of Technology},
  year={2023},
  type={PhD Dissertation},
  address={Cambridge, MA}
}

% Web Resources
@misc{organization2024guidelines,
  title={Best Practices for Data Management},
  author={{Data Management Consortium}},
  howpublished={\url{https://example.org/guidelines}},
  year={2024},
  note={Accessed: July 20, 2024}
}

% Software/Code
@misc{developer2024software,
  title={OpenAnalytics: Statistical Computing Package},
  author={Developer, Code A.},
  howpublished={Software package},
  version={2.1.3},
  year={2024},
  url={https://github.com/example/openanalytics}
} 

% Comprehensive journal article entry with all possible fields
@article{zhang2024quantum,
  title={Quantum Error Correction in Noisy Intermediate-Scale Quantum Devices: A Comprehensive Analysis},
  author={Zhang, Wei and M{\"u}ller, Hans and Patel, Priya A. and O'Connor, Se{\'a}n},
  journal={Physical Review A},
  volume={109},
  number={4},
  pages={042301},
  year={2024},
  month={April},
  publisher={American Physical Society},
  address={College Park, MD},
  issn={2469-9926},
  doi={10.1103/PhysRevA.109.042301},
  url={https://journals.aps.org/pra/abstract/10.1103/PhysRevA.109.042301},
  urldate={2024-07-15},
  arxiv={2312.08765},
  archivePrefix={arXiv},
  primaryClass={quant-ph},
  eprint={2312.08765},
  abstract={We present a comprehensive analysis of quantum error correction protocols for noisy intermediate-scale quantum (NISQ) devices. Our results demonstrate significant improvements in coherence times and gate fidelities across multiple quantum computing platforms.},
  keywords={quantum computing, error correction, NISQ devices, quantum gates},
  note={Special Issue on Quantum Technologies},
  editor={Johnson, Robert K.},
  language={english},
  edition={Online First},
  series={Quantum Physics Series},
  pmid={38741234},
  pmcid={PMC10987654},
  mendeley-groups={Quantum Computing, Error Correction},
  annote={Important paper for understanding current limitations in quantum error correction. Methods section particularly relevant for our research.},
  file={Zhang2024_Quantum_Error_Correction.pdf:files/123/Zhang2024.pdf:PDF},
  timestamp={2024-07-15T10:30:00}
}

